<?xml version="1.0" encoding="UTF-8"?><collection xmlns="http://www.loc.gov/MARC21/slim"><record><leader>00571nam--2200205-u-4500</leader><controlfield tag="001">000050332</controlfield><controlfield tag="002">20161230</controlfield><controlfield tag="003">1290</controlfield><controlfield tag="005">20161230201048</controlfield><controlfield tag="008">060609s1000------------r-----000-0-eng-d</controlfield><datafield ind1=" " ind2=" " tag="040"><subfield code="a">IFIN-HH</subfield></datafield><datafield ind1=" " ind2=" " tag="041"><subfield code="a">rus</subfield></datafield><datafield ind1=" " ind2=" " tag="080"><subfield code="a">51</subfield></datafield><datafield ind1="1" ind2="0" tag="100"><subfield code="a">Efimov,N.V</subfield></datafield><datafield ind1="1" ind2="0" tag="245"><subfield code="a">Trudy Matematicheskogo Instituta imeni V.A.Steklova</subfield><subfield code="c">N.V.Efimov</subfield></datafield><datafield ind1=" " ind2=" " tag="260"><subfield code="a">Moskva</subfield><subfield code="b">Izdatelstvo Akademii Nauk SSSR</subfield><subfield code="c">1949</subfield></datafield><datafield ind1=" " ind2=" " tag="490"><subfield code="a">Kachestvennye Voprosy Teorii Deformatsii poverkhnostei "V Malom"</subfield><subfield code="v">Vol.XXX</subfield></datafield><datafield ind1="1" ind2=" " tag="700"><subfield code="a">Efimov,N.V</subfield></datafield><datafield ind1=" " ind2=" " tag="852"><subfield code="a">51</subfield></datafield><datafield ind1=" " ind2=" " tag="CAT"><subfield code="a">Sys</subfield><subfield code="c">20060609</subfield><subfield code="h">105959</subfield></datafield></record></collection>